@article{karamohamed1998bioluminometric,
  title={Bioluminometric method for real-time detection of reverse transcriptase activity},
  author={Karamohamed, Samer and Ronaghi, Mostafa and Nyr{\'e}n, P{\aa}l},
  journal={oligonucleotides},
  volume={2},
  pages={5},
  year={1998}
}

@article{curtis2008rapid,
  title={Rapid detection of HIV-1 by reverse-transcription, loop-mediated isothermal amplification (RT-LAMP)},
  author={Curtis, Kelly A and Rudolph, Donna L and Owen, S Michele},
  journal={Journal of virological methods},
  volume={151},
  number={2},
  pages={264--270},
  year={2008},
  publisher={Elsevier}
}

@article{malmsten2005reverse,
  title={Reverse Transcriptase Activity Assays for Retrovirus Quantitation and Characterization},
  author={Malmsten, Anders},
  year={2005},
  publisher={Acta Universitatis Upsaliensis}
}

@article{voisset2008human,
  title={Human RNA “rumor” viruses: the search for novel human retroviruses in chronic disease},
  author={Voisset, C{\'e}cile and Weiss, Robin A and Griffiths, David J},
  journal={Microbiology and Molecular Biology Reviews},
  volume={72},
  number={1},
  pages={157--196},
  year={2008},
  publisher={Am Soc Microbiol}
}

@article{luft2011hiv,
  title={HIV-1 viral diversity and its implications for viral load testing: review of current platforms},
  author={Luft, LeeAnne M and Gill, M John and Church, Deirdre L},
  journal={International Journal of Infectious Diseases},
  volume={15},
  number={10},
  pages={e661--e670},
  year={2011},
  publisher={Elsevier}
}

@book{bartolo2012hiv,
  title={HIV-1 Diversity and Its Implications in Diagnosis, Transmission, Disease Progression, and Antiretroviral Therapy},
  author={B{\'a}rtolo, In{\^e}s and Taveira, Nuno},
  year={2012},
  publisher={INTECH Open Access Publisher}
}

